<record><leader>00000cas a2200000 a 4500</leader><controlfield tag="001">13196569</controlfield><controlfield tag="008">860225d18841886couwr ne      0    0eng d</controlfield><datafield ind1=" " ind2=" " tag="010"><subfield code="a">sn 86066865 </subfield></datafield><datafield ind1=" " ind2=" " tag="040"><subfield code="a">KSH</subfield><subfield code="b">eng</subfield><subfield code="c">KSH</subfield><subfield code="d">NPT</subfield><subfield code="d">CNQ</subfield><subfield code="d">CNK</subfield><subfield code="d">OCL</subfield><subfield code="d">OCLCQ</subfield></datafield><datafield ind1=" " ind2=" " tag="042"><subfield code="a">msc</subfield></datafield><datafield ind1="0" ind2=" " tag="130"><subfield code="a">Weekly tribune-republican (Denver, Colo.)</subfield></datafield><datafield ind1="1" ind2="0" tag="245"><subfield code="a">Weekly tribune-republican.</subfield></datafield><datafield ind1=" " ind2=" " tag="260"><subfield code="a">Denver, Colo. :</subfield><subfield code="b">Republican Pub. Co.</subfield></datafield><datafield ind1=" " ind2=" " tag="300"><subfield code="a">v.</subfield></datafield><datafield ind1=" " ind2=" " tag="310"><subfield code="a">Weekly</subfield></datafield><datafield ind1="0" ind2=" " tag="362"><subfield code="a">Vol. 6, no. 34 (Aug. 21, 1884)- = v. 18, no. 34-</subfield></datafield><datafield ind1="1" ind2=" " tag="362"><subfield code="a">Ceased in Dec. 1886.</subfield></datafield><datafield ind1=" " ind2=" " tag="530"><subfield code="a">Available on microfilm from the Colorado Historical Society.</subfield></datafield><datafield ind1=" " ind2=" " tag="580"><subfield code="a">Daily ed.: Denver tribune-republican.</subfield></datafield><datafield ind1=" " ind2=" " tag="752"><subfield code="a">United States</subfield><subfield code="b">Colorado</subfield><subfield code="c">Denver</subfield><subfield code="d">Denver.</subfield></datafield><datafield ind1=" " ind2=" " tag="752"><subfield code="a">United States</subfield><subfield code="b">Colorado</subfield><subfield code="c">Arapahoe</subfield><subfield code="d">Denver.</subfield></datafield><datafield ind1="1" ind2=" " tag="775"><subfield code="t">Denver tribune-republican</subfield><subfield code="w">(DLC)sn 86066864</subfield></datafield><datafield ind1="0" ind2="4" tag="780"><subfield code="t">Weekly republican (Denver, Colo. : 1878)</subfield><subfield code="w">(DLC)sn 91052370</subfield></datafield><datafield ind1="0" ind2="4" tag="780"><subfield code="t">Denver tribune (Denver, Colo. : Weekly)</subfield><subfield code="w">(DLC)sn 84022332</subfield></datafield><datafield ind1="0" ind2="0" tag="785"><subfield code="t">Weekly republican (Denver, Colo. : 1887)</subfield><subfield code="w">(DLC)sn 84025788</subfield></datafield><datafield ind1="1" ind2=" " tag="029"><subfield code="a">AU@</subfield><subfield code="b">000022170569</subfield></datafield></record>